% This file was created with JabRef 2.10.
% Encoding: Cp1252

@Conference{wiimote,
author = {PAEPCKE, A.; WISE, M.},
title = {Pacote Wiimote do ROS},
year = {2015},
url = {http://wiki.ros.org/wiimote},
note = {Acessado em: 18/06/2015, disponível em: \url{http://wiki.ros.org/wiimote}},
}

@Conference{gitwiimote,
author = {Michael Ferguson},
title = {ROS drivers for joysticks},
year = {2015},
url = {https://github.com/ros-drivers/joystick_drivers},
note = {Acessado em: 30/06/2015, disponível em: \url{https://github.com/ros-drivers/joystick_drivers}},
}


@Conference{costmap2D,
author = {Eitan Marder-Eppstein, David V. Lu and Dave Hershberger},
title = {Plugin dwa local planner do ROS},
year = {2015},
url = {http://wiki.ros.org/dwa_local_planner},
howpublished = {GitHub},
note = {Acessado em: 18/06/2015, disponível em: \url{http://wiki.ros.org/dwa_local_planner}},
}

@Conference{dwaLocalPlanner,
author = {Eitan Marder-Eppstein},
title = {Pacote de mapa de custo 2D do ROS},
year = {2015},
url = {http://wiki.ros.org/costmap_2d},
howpublished = {GitHub},
note = {Acessado em: 19/07/2015, disponível em: \url{http://wiki.ros.org/costmap_2d}},
}


@Misc{tinyGPS,
title                    = {A compact Arduino NMEA (GPS) parsing library},
author     = {The Sundial Group},
url = {https://github.com/mikalhart/TinyGPS},
year                     = {2013},
howpublished = {GitHub},
note = {Acessado em 22/06/2015, disponível em: \url{https://github.com/mikalhart/TinyGPS}},
}

@Misc{modelo3DMotorKinect,
title = {Kinect Rotary Stage},
author = {Lucid One},
url = {http://www.thingiverse.com/thing:6007},
year = {2011},
note = {Acessado em 22/06/2015, disponível em: \url{http://www.thingiverse.com/thing:6007}},
}

@article{Meagher:1981:Octotrees,
 author = {Donald Meagher},
 title = {Geometric Modeling Using Octree Encoding},
 url = {http://fab.cba.mit.edu/classes/S62.12/docs/Meagher_octree.pdf},
note = {Acessado em 22/06/2015, disponível em: \url{http://fab.cba.mit.edu/classes/S62.12/docs/Meagher_octree.pdf}}
} 

@article{Wilhelms:1992:Octotrees,
 author = {Wilhelms, Jane and Van Gelder, Allen},
 title = {Octrees for Faster Isosurface Generation},
 journal = {ACM Trans. Graph.},
 issue_date = {July 1992},
 volume = {11},
 number = {3},
 month = jul,
 year = {1992},
 issn = {0730-0301},
 pages = {201--227},
 numpages = {27},
 url = {http://doi.acm.org/10.1145/130881.130882},
 doi = {10.1145/130881.130882},
 acmid = {130882},
 publisher = {ACM},
 address = {New York, NY, USA},
 keywords = {hierarchical spatial enumeration, isosurface extraction, octree, scientific visualization},
} 

@PhdThesis{Havran2000:PhD,
 author = "Vlastimil Havran",
 title  = "Heuristic Ray Shooting Algorithms",
 school = "Department of Computer Science and Engineering,
           Faculty of Electrical Engineering,
           Czech Technical University in Prague",
 type   = "Ph.D. Thesis",
 year   = "2000",
 month  = "November",
 url    = "http://www.cgg.cvut.cz/~havran/phdthesis.html"
}

@ARTICLE{hornung13auro,
  author = {Armin Hornung and Kai M. Wurm and Maren Bennewitz and Cyrill
  Stachniss and Wolfram Burgard},
  title = {{OctoMap}: An Efficient Probabilistic {3D} Mapping Framework Based
  on Octrees},
  journal = {Autonomous Robots},
  year = 2013,
  url = {http://octomap.github.com},
  doi = {10.1007/s10514-012-9321-0},
  note = {Software available at \url{http://octomap.github.com}}
}

@Misc{G_mapping,
title = {Gmapping},
author={Giorgio Grisetti and Cyrill Stachniss and Wolfram Burgard},
url = {https://www.openslam.org/gmapping.html},
year = {2014},
note = {Acessado em 24/06/2015, disponível em: \url{https://www.openslam.org/gmapping.html}},
}

@Misc{iraLaserTools,
title = {Laser Tools},
author = {Ballardini Augusto Luis  and Furlan Axel},
url = {http://www.ira.disco.unimib.it/research},
year = {2014},
note = {Acessado em 24/06/2015, disponível em: \url{http://www.ira.disco.unimib.it/research}},
}

@Misc{cbr2014,
title = {Latin American and Brazilian Robotics Competition},
url = {http://www.cbrobotica.org/},
year = {2014},
note = {Acessado em 29/06/2015, disponível em: \url{http://www.cbrobotica.org/}},
}

@Misc{rosHydro,
title = {ROS Hydro Medusa},
url = {http://wiki.ros.org/hydro},
year = {2013},
note = {Acessado em 29/06/2015, disponível em: \url{http://wiki.ros.org/hydro}},
}

@Misc{rosFuerte,
title = {ROS Fuerte Turtle},
url = {http://wiki.ros.org/fuerte},
year = {2012},
note = {Acessado em 29/06/2015, disponível em: \url{http://wiki.ros.org/fuerte}},
}

@Misc{acelerometro,
author = {Analog Devices, Inc.},
title = {Micropower, 3-Axis, ±2 g/±4 g/±8 g Digital Output MEMS Acceleromete.r},
url = {http://www.analog.com/media/en/technical-documentation/data-sheets/ADXL362.pdf},
note = {Acessado em 29/06/2015, disponível em: \url{http://www.analog.com/media/en/technical-documentation/data-sheets/ADXL362.pdf}},
}

@Misc{giroscopio,
author = {STMicroelectronics},
title = {MEMS motion sensor: three-axis digital output gyroscope.},
url = {http://www.st.com/st-web-ui/static/active/en/resource/technical/document/datasheet/CD00265057.pdf},
note = {Acessado em 29/06/2015, disponível em: \url{http://www.st.com/st-web-ui/static/active/en/resource/technical/document/datasheet/CD00265057.pdf}},
}

@Misc{gps,
author = {GlobalTop Technology, Inc.},
title = {GTPA010 GPS Receiver with Embedded Antenna.},
url = {http://www.gtop-tech.com/en/product/Titan-2-GMS-G6/GPS_Modules_Gms-g6.html},
note = {Acessado em 29/06/2015, disponível em: \url{http://www.gtop-tech.com/en/product/Titan-2-GMS-G6/GPS_Modules_Gms-g6.html}},
}

@Misc{sonar,
title = {HC-SR04 Ultrasonic Sensor Distance Measuring Module.},
url = {http://www.micropik.com/PDF/HCSR04.pdf},
note = {Acessado em 29/06/2015, disponível em: \url{http://www.micropik.com/PDF/HCSR04.pdf}},
}

@Conference{LIDA,
author = {CCRG - Cognitive Computing Research Group},
title = {LIDA Sofware Framework},
year = {2012},
url = {http://ccrg.cs.memphis.edu/framework.html},
howpublished = {CCRG Website},
note = {Acessado em: 18/06/2015, disponível em: \url{http://ccrg.cs.memphis.edu/framework.html}},
}